@MISC{web:DevelopmentProcesses,
      TITLE = "Процессы разработки ПО",
      NOTE = "\newline\url{http://rsdn.ru/article/Methodologies/SoftwareDevelopmentProcesses.xml}"
}

@BOOK{book:Requirements,
    AUTHOR = "K. E. Wiegers and J. Beatty",
    TITLE = "Software Requirements (3rd Edition)",
    PUBLISHER = "Microsoft Press",
    YEAR = 2013,
    LANGUAGE = "english",
    NUMPAGES = 672
}

@BOOK{book:SWEBOK,
    TITLE = "Guide to the Software Engineering Body of Knowledge: 2004 version",
    address = "CA",
    PUBLISHER = "IEEE Computer Society Press",
    YEAR = 2005,
    LANGUAGE = "english",
}

@MISC{web:Requality,
      TITLE = "Система управления требованиями Requality",
      NOTE = "\newline\url{http://requality.ru/en/index.html}"
}

@BOOK{book:DOM,
      AUTHOR = "С. В. Акимов",
      TITLE = "Технологии Internet / Intranet в почтовой связи: учебное пособие",
      address = "СПб.",
      PUBLISHER = "СПбГУТ",
      YEAR = 2005,
      LANGUAGE = "russian"
}

@MISC{web:JDOM,
      TITLE = "Упрощение XML-программирования при помощи JDOM",
      NOTE = "\newline\url{http://www.ibm.com/developerworks/ru/library/j-jdom/}"
}

@MISC{web:Diff,
      AUTHOR = "E. W. Myers",
      TITLE = "An O(ND) Difference Algorithm and Its Variations",
      NOTE = "\newline\url{https://neil.fraser.name/software/diff_match_patch/myers.pdf}"
}

@BOOK{book:Programming,
    AUTHOR = "D. E. Knuth",
    TITLE= "The Art of Computer Programming: Volume 1: Fundamental Algorithms",
    PUBLISHER = "Addison-Wesley Professional",
    YEAR = 1997,
    LANGUAGE = "english",
    NUMPAGES = 720
}

@BOOK{book:RegExp,
    AUTHOR = "W. F. Smyth",
    TITLE= "Computing Patterns in Strings",
    PUBLISHER = "Addison-Wesley Professional",
    YEAR = 2003,
    LANGUAGE = "english",
    NUMPAGES = 440
}

@MISC{web:Reg,
      AUTHOR = "L. Vogel",
      TITLE = "Java and Regular Expressions",
      NOTE = "\newline\url{http://www.vogella.com/tutorials/JavaRegularExpressions/article.html}"
}

@MISC{web:StrSearch,
      TITLE = "Алгоритмы поиска в строке",
      NOTE = "\newline\url{http://habrahabr.ru/post/111449/}"
}

@BOOK{book:JDOM,
    AUTHOR = "Elliotte Rusty Harold",
    TITLE= "Processing XML with Java: A Guide to SAX, DOM, JDOM, JAXP, and TrAX: Volume 1",
    PUBLISHER = "Addison-Wesley Professional",
    YEAR = 2002,
    LANGUAGE = "english"
    NUMPAGES = 1120
}

@MISC{web:StrNotExact,
      TITLE = "Нечеткий поиск в тексте и словаре",
      NOTE = "\newline\url{http://habrahabr.ru/post/114997/}"
}

@MISC{web:LSB3,
      TITLE = "Linux Standard Base Core Specification 3.1",
      NOTE = "\newline\url{http://refspecs.linux-foundation.org/LSB_3.1.0/LSB-Core-generic/LSB-Core-generic/book1.html}"
}

@MISC{web:LSB4,
      TITLE = "Linux Standard Base Core Specification 4.0",
      NOTE = "\newline\url{http://refspecs.linux-foundation.org/LSB_4.0.0/LSB-Core-generic/LSB-Core-generic/book1.html}"
}

@MISC{web:POSIX2004,
      TITLE = "The Open Group Base Specifications Issue 6 IEEE Std 1003.1, 2004 Edition",
      NOTE = "\newline\url{http://pubs.opengroup.org/onlinepubs/009695399/}"
}

@MISC{web:POSIX2008,
      TITLE = "The Open Group Base Specifications Issue 7 IEEE Std 1003.1, 2008 Edition",
      NOTE = "\newline\url{http://pubs.opengroup.org/onlinepubs/9699919799/}"
}

@MISC{web:etsi461,
      TITLE = "Methods for Testing and Specification (MTS); The Testing and Test Control Notation version 3; Part 1: TTCN-3 Core Language",
      NOTE = "\newline\url{http://www.etsi.org/deliver/etsi_es/201800_201899/20187301/04.06.01_60/es_20187301v040601p.pdf}"
}

@MISC{web:github,
      TITLE = "Diploma project GitHub repository",
      NOTE = "\newline\url{https://github.com/Revoltt/ReqSystem}"
}